<?xml version="1.0" encoding="UTF-8"?><collection xmlns="http://www.loc.gov/MARC21/slim"><record><leader>00449nam--2200121-i-4500</leader><controlfield tag="001">000034844</controlfield><controlfield tag="002">20161230</controlfield><controlfield tag="005">20161230201040</controlfield><controlfield tag="008">060222s1000------------r-----000-0-eng-d</controlfield><datafield ind1=" " ind2=" " tag="080"><subfield code="a">621.791.056:620.179.152</subfield></datafield><datafield ind1=" " ind2=" " tag="245"><subfield code="a">Norme pentru stabilirea calitatii imbinarilor sudate cu ajutorul razelor x. colectia inspectorului de stat pentru cazane si instalatii de ridicat</subfield></datafield><datafield ind1=" " ind2=" " tag="260"><subfield code="a">Bucuresti, Ed.De Stat Pentru Imprimante Si Publ., 1959, 15p</subfield></datafield><datafield ind1=" " ind2=" " tag="852"><subfield code="a">25243</subfield></datafield></record></collection>